<record><leader>00000cas a22000007a 4500</leader><controlfield tag="001">27017204</controlfield><controlfield tag="008">921123d19321945causr ne      0    0eng d</controlfield><datafield ind1=" " ind2=" " tag="010"><subfield code="a">sn 92060577 </subfield></datafield><datafield ind1=" " ind2=" " tag="040"><subfield code="a">YOX</subfield><subfield code="b">eng</subfield><subfield code="c">YOX</subfield><subfield code="d">MGN</subfield><subfield code="d">CNK</subfield><subfield code="d">OCLCQ</subfield><subfield code="d">OCLCF</subfield><subfield code="d">OCLCO</subfield><subfield code="d">OCLCQ</subfield></datafield><datafield ind1=" " ind2=" " tag="042"><subfield code="a">msc</subfield></datafield><datafield ind1=" " ind2=" " tag="043"><subfield code="a">n-us-ca</subfield></datafield><datafield ind1=" " ind2="4" tag="060"><subfield code="a">000001064</subfield></datafield><datafield ind1="0" ind2="0" tag="245"><subfield code="a">Emanu-El and the Jewish journal.</subfield></datafield><datafield ind1="3" ind2="0" tag="246"><subfield code="a">Emanu-El</subfield></datafield><datafield ind1="3" ind2="0" tag="246"><subfield code="a">Jewish journal</subfield></datafield><datafield ind1=" " ind2=" " tag="260"><subfield code="a">San Francisco, Calif. :</subfield><subfield code="b">Emanu-El Pub. Co.</subfield></datafield><datafield ind1=" " ind2=" " tag="300"><subfield code="a">volumes</subfield></datafield><datafield ind1=" " ind2=" " tag="310"><subfield code="a">Semimonthly,</subfield><subfield code="b">June 1-Dec. 15, 1945</subfield></datafield><datafield ind1=" " ind2=" " tag="321"><subfield code="a">Weekly,</subfield><subfield code="b">May 13, 1932-Apr. 27, 1945</subfield></datafield><datafield ind1=" " ind2=" " tag="336"><subfield code="a">text</subfield><subfield code="b">txt</subfield><subfield code="2">rdacontent</subfield></datafield><datafield ind1=" " ind2=" " tag="337"><subfield code="a">unmediated</subfield><subfield code="b">n</subfield><subfield code="2">rdamedia</subfield></datafield><datafield ind1=" " ind2=" " tag="338"><subfield code="a">volume</subfield><subfield code="b">nc</subfield><subfield code="2">rdacarrier</subfield></datafield><datafield ind1="0" ind2=" " tag="362"><subfield code="a">Vol. 73, no. 3 (May 13, 1932)-v. 92, no. 32 (Dec. 15, 1945).</subfield></datafield><datafield ind1=" " ind2=" " tag="500"><subfield code="a">Published as: Emanu-El, Jan. 19-Dec. 15, 1945.</subfield></datafield><datafield ind1=" " ind2=" " tag="525"><subfield code="a">Contains supplements.</subfield></datafield><datafield ind1=" " ind2=" " tag="580"><subfield code="a">Merger of: Emanu-El (San Francisco, Calif. : 1895), and: Jewish journal (San Francisco, Calif.).</subfield></datafield><datafield ind1=" " ind2="0" tag="650"><subfield code="a">Jewish newspapers</subfield><subfield code="z">California.</subfield></datafield><datafield ind1=" " ind2="0" tag="651"><subfield code="a">San Francisco (Calif.)</subfield><subfield code="v">Newspapers.</subfield></datafield><datafield ind1=" " ind2="7" tag="650"><subfield code="a">Jewish newspapers.</subfield><subfield code="2">fast</subfield><subfield code="0">(OCoLC)fst00982872</subfield></datafield><datafield ind1=" " ind2="7" tag="651"><subfield code="a">California.</subfield><subfield code="2">fast</subfield><subfield code="0">(OCoLC)fst01204928</subfield></datafield><datafield ind1=" " ind2="7" tag="651"><subfield code="a">California</subfield><subfield code="z">San Francisco.</subfield><subfield code="2">fast</subfield><subfield code="0">(OCoLC)fst01204481</subfield></datafield><datafield ind1=" " ind2="7" tag="655"><subfield code="a">Newspapers.</subfield><subfield code="2">fast</subfield><subfield code="0">(OCoLC)fst01423814</subfield></datafield><datafield ind1=" " ind2=" " tag="752"><subfield code="a">United States</subfield><subfield code="b">California</subfield><subfield code="c">San Francisco</subfield><subfield code="d">San Francisco.</subfield></datafield><datafield ind1="1" ind2="4" tag="780"><subfield code="t">Emanu-El (San Francisco, Calif. : 1895)</subfield><subfield code="w">(DLC)sn 92060576</subfield></datafield><datafield ind1="1" ind2="4" tag="780"><subfield code="t">Jewish journal (San Francisco, Calif.)</subfield><subfield code="w">(DLC)sn 92060482</subfield></datafield><datafield ind1="0" ind2="0" tag="785"><subfield code="t">Jewish community bulletin</subfield><subfield code="w">(DLC)sn 92060578</subfield></datafield><datafield ind1="1" ind2=" " tag="029"><subfield code="a">AU@</subfield><subfield code="b">000020717308</subfield></datafield></record>